@article{Egele:2008:SAD:2089125.2089126,
 author = {Egele, Manuel and Scholte, Theodoor and Kirda, Engin and Kruegel, Christopher},
 title = {A Survey on Automated Dynamic Malware-analysis Techniques and Tools},
 journal = {ACM Comput. Surv.},
 issue_date = {February 2012},
 volume = {44},
 number = {2},
 month = mar,
 year = {2008},
 issn = {0360-0300},
 pages = {6:1--6:42},
 articleno = {6},
 numpages = {42},
 howpublished = {http://doi.acm.org/10.1145/2089125.2089126},
 doi = {10.1145/2089125.2089126},
 acmid = {2089126},
 publisher = {ACM},
 address = {New York, NY, USA},
 keywords = {Dynamic analysis, malware},
}

@inproceedings{Luk05,
 author = {Luk, Chi-Keung and Cohn, Robert and Muth, Robert and Patil, Harish and Klauser, Artur and Lowney, Geoff and Wallace, Steven and Reddi, Vijay Janapa and Hazelwood, Kim},
 title = {Pin: Building Customized Program Analysis Tools with Dynamic Instrumentation},
 booktitle = {Proceedings of the 2005 ACM SIGPLAN Conference on Programming Language Design and Implementation},
 series = {PLDI '05},
 year = {2005},
 doi = {10.1145/1065010.1065034},
 publisher = {ACM},
 keywords = {dynamic compilation, instrumentation, program analysis tools},
}

@misc{Cisco,
title = {Cisco 2018 Annual Cybersecurity Report},
institution = {Cisco},
year = {2018},
url = {https://www.cisco.com/c/dam/m/hu_hu/campaigns/security-hub/pdf/acr-2018.pdf},
}

@misc{BluePill,
 author = {D'Elia, Daniele Cono and Coppa, Emilio and Palmaro, Federico and Cavallaro, Lorenzo and Demetrescu, Camil },
 title = {The DBI Blue Pill:
Practical Analysis of Evasive Malware},
 keywords = {Dynamic analysis, malware},
 note = {Technical report, currently under double-blind review at ACM ACSAC},
 year = {2018}
}

@misc{Symantec,
title = {Internet Security
Threat Report, vol. 23},
institution = {Symantec},
year = {2018},
url = {https://www.symantec.com/content/dam/symantec/docs/reports/istr-23-2018-en.pdf},
}

@misc{Pin,
title = {Pin - A Dynamic Binary Instrumentation Tool},
institution = {Intel},
year = {2012},
url = {https://software.intel.com/en-us/articles/pin-a-dynamic-binary-instrumentation-tool},
}

@article{Berdajs:2010:EAU:1815744.1815746,
 author = {Berdajs, J. and Bosni\'{c}, Z.},
 title = {Extending Applications Using an Advanced Approach to DLL Injection and API Hooking},
 journal = {Softw. Pract. Exper.},
 issue_date = {June 2010},
 volume = {40},
 number = {7},
 month = jun,
 year = {2010},
 issn = {0038-0644},
 pages = {567--584},
 numpages = {18},
 url = {http://dx.doi.org/10.1002/spe.v40:7},
 doi = {10.1002/spe.v40:7},
 acmid = {1815746},
 publisher = {John Wiley \& Sons, Inc.},
 address = {New York, NY, USA},
 keywords = {API hooking, DLL injection, application extensions, detours, programming},
}

@inbook{Rootkit,
author = {Sherri Sparks and Shawn Embleton and Cliff C. Zou},
title = {WINDOWS ROOTKITS A GAME OF HIDE AND SEEK},
booktitle = {Handbook of Security and Networks},
chapter = {},
pages = {345-368},
doi = {10.1142/9789814273046_0014},
URL = {https://www.worldscientific.com/doi/abs/10.1142/9789814273046_0014},
eprint = {https://www.worldscientific.com/doi/pdf/10.1142/9789814273046_0014},
year = 2011,
}

@article{HookingDetection,
author = {Mohd Shaid, Syed Zainudeen and Maarof, Mohd},
year = {2015},
month = {08},
pages = {294-298},
title = {In memory detection of Windows API call hooking technique},
}

@inproceedings{Buescher:2011:BIS:2186328.2186347,
 author = {Buescher, Armin and Leder, Felix and Siebert, Thomas},
 title = {Banksafe Information Stealer Detection Inside the Web Browser},
 booktitle = {Proceedings of the 14th International Conference on Recent Advances in Intrusion Detection},
 series = {RAID'11},
 year = {2011},
 isbn = {978-3-642-23643-3},
 location = {Menlo Park, CA},
 pages = {262--280},
 numpages = {19},
 url = {http://dx.doi.org/10.1007/978-3-642-23644-0_14},
 doi = {10.1007/978-3-642-23644-0_14},
 acmid = {2186347},
 publisher = {Springer-Verlag},
 address = {Berlin, Heidelberg},
}

@book{Stuttard:2014:ADC:2616217,
 author = {Stuttard, Dafydd and Pinto, Marcus and Ligh, Michael Hale and Adair, Steven and Hartstein, Blake and Richard, Ozh},
 title = {Attack and Defend Computer Security Set},
 year = {2014},
 isbn = {111890673X, 9781118906736},
 edition = {1st},
 publisher = {Wiley Publishing},
}

@misc{CodeProjectHooking,
author = {Ivanov, Ivo},
title = {API hooking revealed},
year = {2002},
url = {https://www.codeproject.com/Articles/2082/API-hooking-revealed},
}

@inproceedings{Bayer2005TTAnalyzeA,
  title={TTAnalyze : A Tool for Analyzing Malware},
  author={Ulrich Bayer and Christopher Kr{\"u}gel},
  year={2005},
}

@misc{DBI,
	title = {Dynamic Binary Instrumentation},
	url = {http://uninformed.org/index.cgi?v=7&a=1&p=3},
	year = {2007},
}

@misc{DynamoRio,
 title = {Dynamic Instrumentation Tool Platform},
 url = {http://www.dynamorio.org/},
}

@misc{NTAPI1,
 author = {Russinovich, Mark},
 title = {Inside the Native API},
 url = {http://persephone.cps.unizar.es/~spd/pub/windows/ntdll.htm},
 year = {1998},
}

@misc{NTAPI2,
 author = {Chappell, Geoff},
 title = {Native API Functions},
 url = {https://www.geoffchappell.com/studies/windows/win32/ntdll/api/native.htm},
 year = {2017},
}

@misc{MalwareTech,
 title = {Intercepting all System Calls by Hooking KiFastSystemCall},
 url = {https://www.malwaretech.com/2015/04/intercepting-all-system-calls-by.html},
 year = {2015},
}

@book{Sikorski:2012:PMA:2181153,
 author = {Sikorski, Michael and Honig, Andrew},
 title = {Practical Malware Analysis: The Hands-On Guide to Dissecting Malicious Software},
 year = {2012},
 isbn = {1593272901, 9781593272906},
 edition = {1st},
 publisher = {No Starch Press},
 address = {San Francisco, CA, USA},
}

@misc{DrMemory,
 title = {Dr.Memory},
 url = {http://drmemory.org/},
}

@misc{DLL,
 title = {Dynamic-Link Libraries},
 url = {https://msdn.microsoft.com/en-us/library/windows/desktop/ms682589(v=vs.85).aspx},
 year = {2018},
 institution = {Microsoft},
}

@misc{WinAPI,
 title = {Chapter 1: Introduction to Win32/Win64},
 url = {https://technet.microsoft.com/en-us/library/bb496995.aspx},
 year = {2018},
 institution = {Microsoft},
}

@misc{Pyrebox,
 title = {PyREbox},
 url = {https://talosintelligence.com/pyrebox},
 year = {2018},
 institution = {Cisco},
}

@misc{Deviare,
 title = {Deviare API Hook Overview},
 url = {https://www.nektra.com/products/deviare-api-hook-windows/},
 year = {2012},
 institution = {Nektra},
}

@INPROCEEDINGS{5452079, 
author={A. Skaletsky and T. Devor and N. Chachmon and R. Cohn and K. Hazelwood and V. Vladimirov and M. Bach}, 
booktitle={2010 IEEE International Symposium on Performance Analysis of Systems Software (ISPASS)}, 
title={Dynamic program analysis of Microsoft Windows applications}, 
year={2010}, 
volume={}, 
number={}, 
pages={2-12}, 
keywords={Unix;application program interfaces;cache storage;program diagnostics;API;Microsoft Windows;Unix;cache modeling;dynamic program analysis;process-level instrumentation system;program tracing;software instrumentation;software system;Analytical models;Application software;Instruments;Kernel;Observability;Open source software;Performance analysis;Robustness;Runtime;Software systems}, 
doi={10.1109/ISPASS.2010.5452079}, 
ISSN={}, 
month={March},}

@misc{UMCallbacks,
author = {Mandt, Tarjei},
 title = {Kernel Attacks through User-Mode Callbacks},
 url = {https://media.blackhat.com/bh-us-11/Mandt/BH_US_11_Mandt_win32k_WP.pdf},
}

@misc{UCDispatcher,
 title = {A catalog of NTDLL kernel mode to user mode callbacks, part 5: KiUserCallbackDispatcher},
 url = {http://www.nynaeve.net/?p=204},
 year = {2007},
}

@misc{KCT,
author = {Chappell, Geoff},
 title = {PEB},
 url = {https://www.geoffchappell.com/studies/windows/win32/ntdll/structs/peb/index.htm},
 year = {2016},
}

@misc{APC1,
author = {Martignetti, Enrico},
 title = {Windows Vista APC Internals},
 url = {http://www.opening-windows.com/download/apcinternals/2009-05/windows_vista_apc_internals.pdf},
 year = {2009},
}

@misc{APC2,
 title = {A catalog of NTDLL kernel mode to user mode callbacks, part 3: KiUserApcDispatcher},
 url = {http://www.nynaeve.net/?p=202},
 year = {2007},
}

@InProceedings{polino_arancino_2017,
  author     = {Polino, Mario and Continella, Andrea and Mariani, Sebastiano and Dâ€™Alessio, Stefano and Fontata, Lorenzo and Gritti, Fabio and Zanero, Stefano},
  title      = {{Measuring and Defeating Anti-Instrumentation-Equipped Malware}},
  booktitle  = {{Proceedings of the Conference on Detection of Intrusions and Malware and Vulnerability Assessment (DIMVA)}},
  location   = {{Bonn, Germany}},
  date       = {2017},
}

@inproceedings{Nethercote2004CI,
  title={- CL-TR-606 ISSN 1476-2986 Dynamic binary analysis and instrumentation},
  author={Nicholas Nethercote},
  year={2004}
}

@INPROCEEDINGS{6658603, 
author={P. Arafa and H. Kashif and S. Fischmeister}, 
booktitle={2013 Proceedings of the International Conference on Embedded Software (EMSOFT)}, 
title={DIME: Time-aware dynamic binary instrumentation using rate-based resource allocation}, 
year={2013}, 
volume={}, 
number={}, 
pages={1-10}, 
keywords={program diagnostics;resource allocation;reverse engineering;DIME technique;Pin dynamic instrumentation framework;VLC media player;code optimization;information extraction;laser beam stabilization experiment;memory consumption;microcontroller code;program analysis tools;program behavior;program understanding;rate-based resource allocation;static source-code instrumentation methods;time-aware dynamic binary instrumentation;time-sensitive programs;timing behavior;timing constraints;timing overhead;Data mining;Instruments;Resource management;Runtime;Switches;Timing;Tin;Instrumentation;Profiling;Tracing}, 
doi={10.1109/EMSOFT.2013.6658603}, 
ISSN={}, 
month={Sept},}      